@misc{Alternative,
    author = {Ola and Markus},
    title = {AlternativeTo},
    howpublished = "\url{http://www.alternativeto.net}"}

@misc{FSD,
    author = {Free Software Foundation},
    title = {Free Software Directory},
    howpublished = "\url{https://directory.fsf.org/wiki/Main_Page}"}

@misc{FSF,
    title = {Free Software Foundation},
    howpublished = "\url{https://www.fsf.org}"}

@misc{Slant,
    title = {Slant},
    author = {Slant Community},
    howpublished = "\url{https://www.slant.co}"}

@misc{ReactJS,
    title = ReactJS,
    author = {Facebook Open Source},
    howpublished = "\url{https://www.reactjs.org}"}

@misc{Mongoose,
    author = {LearnBoost},
    title = Mongoose,
    howpublished = "\url{https://mongoosejs.com}"}

@misc{NodeJS,
    author = {Node.js Foundation},
    title = {NodeJS},
    howpublished = "\url{https://www.nodejs.org}"}

@misc{Express,
    author = {Node.js Foundation},
    title = {Express},
    howpublished = "\url{https://www.expressjs.com}"}

@misc{MongoDB,
    author = {MongoDB, Inc},
    title = {MongoDB},
    howpublished = "\url{https://www.mongodb.com}"}

@misc{FSMK,
    title = {Free Software Movement Karanataka},
    howpublished = "\url{https://www.fsmk.org}"}